@misc{Zickuhr, author={Rainie, Lee and Zickuhr, Kathryn}, title={Chapter 1: Always on Connectivity}, 
journal={Pew Research Center Internet Science Tech RSS}, year={2015}, 
howpublished= "\url{http://www.pewinternet.org/2015/08/26/chapter-1-always-on-connectivity/}", note = "[Online; accessed 11-October-2016]"} 
